[gd_scene load_steps=24 format=2]

[ext_resource path="res://scenes/tool/dialogue/DialogueScene.gd" type="Script" id=1]
[ext_resource path="res://assets/dialogue/icon/idle_0.png" type="Texture" id=2]
[ext_resource path="res://assets/dialogue/icon/idle_1.png" type="Texture" id=3]
[ext_resource path="res://assets/dialogue/icon/idle_2.png" type="Texture" id=4]
[ext_resource path="res://assets/dialogue/icon/growing_0.png" type="Texture" id=5]
[ext_resource path="res://assets/dialogue/icon/growing_1.png" type="Texture" id=6]
[ext_resource path="res://assets/dialogue/icon/growing_2.png" type="Texture" id=7]
[ext_resource path="res://assets/dialogue/icon/growing_3.png" type="Texture" id=8]
[ext_resource path="res://assets/dialogue/icon/growing_4.png" type="Texture" id=9]
[ext_resource path="res://assets/dialogue/icon/growing_5.png" type="Texture" id=10]
[ext_resource path="res://assets/dialogue/icon/growing_6.png" type="Texture" id=11]
[ext_resource path="res://assets/dialogue/icon/growing_7.png" type="Texture" id=12]
[ext_resource path="res://assets/dialogue/icon/growing_8.png" type="Texture" id=13]
[ext_resource path="res://scenes/tool/InputWatch.tscn" type="PackedScene" id=14]
[ext_resource path="res://scenes/tool/StrLabel.tscn" type="PackedScene" id=15]
[ext_resource path="res://assets/fonts/Dialogue16.tres" type="DynamicFont" id=16]
[ext_resource path="res://assets/dialogue/dialoguearrow_left.png" type="Texture" id=17]
[ext_resource path="res://assets/fonts/HintKeybind18.tres" type="DynamicFont" id=18]
[ext_resource path="res://assets/dialogue/dialoguearrow_right.png" type="Texture" id=19]

[sub_resource type="SpriteFrames" id=1]

animations = [ {
"frames": [ ExtResource( 2 ), ExtResource( 3 ), ExtResource( 4 ) ],
"loop": true,
"name": "idle",
"speed": 2.0
}, {
"frames": [ ExtResource( 5 ), ExtResource( 6 ), ExtResource( 7 ), ExtResource( 8 ), ExtResource( 9 ), ExtResource( 10 ), ExtResource( 11 ), ExtResource( 12 ), ExtResource( 13 ) ],
"loop": false,
"name": "appear",
"speed": 24.0
}, {
"frames": [ ExtResource( 13 ), ExtResource( 12 ), ExtResource( 11 ), ExtResource( 10 ), ExtResource( 9 ), ExtResource( 8 ), ExtResource( 7 ), ExtResource( 6 ), ExtResource( 5 ) ],
"loop": false,
"name": "disappear",
"speed": 24.0
} ]

[sub_resource type="Animation" id=2]

resource_name = "fade_in"
length = 1.0
loop = false
step = 0.1
tracks/0/type = "value"
tracks/0/path = NodePath(".:modulate")
tracks/0/interp = 1
tracks/0/loop_wrap = true
tracks/0/imported = false
tracks/0/enabled = true
tracks/0/keys = {
"times": PoolRealArray( 0, 1 ),
"transitions": PoolRealArray( 1, 1 ),
"update": 0,
"values": [ Color( 1, 1, 1, 0 ), Color( 1, 1, 1, 1 ) ]
}

[sub_resource type="Animation" id=3]

resource_name = "fade_in"
length = 1.0
loop = false
step = 0.1
tracks/0/type = "value"
tracks/0/path = NodePath(".:modulate")
tracks/0/interp = 2
tracks/0/loop_wrap = true
tracks/0/imported = false
tracks/0/enabled = true
tracks/0/keys = {
"times": PoolRealArray( 0, 1 ),
"transitions": PoolRealArray( 1, 1 ),
"update": 0,
"values": [ Color( 1, 1, 1, 0 ), Color( 1, 1, 1, 1 ) ]
}

[sub_resource type="Animation" id=4]

resource_name = "fade_out_text"
length = 0.5
loop = false
step = 0.1
tracks/0/type = "value"
tracks/0/path = NodePath("InternalPlayerText:modulate")
tracks/0/interp = 1
tracks/0/loop_wrap = true
tracks/0/imported = false
tracks/0/enabled = true
tracks/0/keys = {
"times": PoolRealArray( 0, 0.5 ),
"transitions": PoolRealArray( 1, 1 ),
"update": 0,
"values": [ Color( 1, 1, 1, 1 ), Color( 1, 1, 1, 0 ) ]
}

[node name="DialogueScene" type="Node2D"]

script = ExtResource( 1 )
__activation_zone = null
__chat_icon_position = null
__player_text_container = null
__npc_text_container = null
__camera = null
__player = null
__transition_scrim = null
player_position = null
__dialogue_provider = null
npc_text_color = null
player_direction = null
listening = true

[node name="ChatIconSprite" type="AnimatedSprite" parent="." index="0"]

visible = false
scale = Vector2( 0.5, 0.5 )
frames = SubResource( 1 )
animation = "appear"
_sections_unfolded = [ "Transform" ]

[node name="KeyRight" parent="." index="1" instance=ExtResource( 14 )]

action = "move_forward"
timeout = 0.1
ignores_pause = false

[node name="KeyLeft" parent="." index="2" instance=ExtResource( 14 )]

action = "move_backward"
timeout = 0.1
ignores_pause = false

[node name="KeyAction" parent="." index="3" instance=ExtResource( 14 )]

action = "game_action"
one_shot = true
ignores_pause = false

[node name="InternalNPCText" parent="." index="4" instance=ExtResource( 15 )]

editor/display_folded = true
anchor_right = 1.0
anchor_bottom = 1.0
margin_right = 0.0
margin_bottom = 0.0
rect_scale = Vector2( 0.5, 0.5 )
custom_fonts/font = ExtResource( 16 )
align = 1
valign = 1
autowrap = true
_sections_unfolded = [ "Rect", "custom_fonts" ]

[node name="AnimationPlayer" type="AnimationPlayer" parent="InternalNPCText" index="0"]

root_node = NodePath("..")
autoplay = ""
playback_process_mode = 1
playback_default_blend_time = 0.0
playback_speed = 1.0
anims/fade_in = SubResource( 2 )
blend_times = [  ]

[node name="InternalPlayerContainer" type="HBoxContainer" parent="." index="5"]

modulate = Color( 1, 1, 1, 0 )
anchor_left = 0.0
anchor_top = 0.0
anchor_right = 1.0
anchor_bottom = 1.0
margin_right = -16.0
margin_bottom = -19.0
rect_scale = Vector2( 0.5, 0.5 )
rect_pivot_offset = Vector2( 0, 0 )
rect_clip_content = false
mouse_filter = 1
mouse_default_cursor_shape = 0
size_flags_horizontal = 1
size_flags_vertical = 1
custom_constants/separation = 6
alignment = 1
_sections_unfolded = [ "Rect", "Visibility", "custom_constants" ]

[node name="ArrowLeft" type="HBoxContainer" parent="InternalPlayerContainer" index="0"]

editor/display_folded = true
visible = false
anchor_left = 0.0
anchor_top = 0.0
anchor_right = 0.0
anchor_bottom = 0.0
margin_right = 29.0
margin_bottom = 45.0
rect_pivot_offset = Vector2( 0, 0 )
rect_clip_content = false
mouse_filter = 1
mouse_default_cursor_shape = 0
size_flags_horizontal = 1
size_flags_vertical = 1
alignment = 0
_sections_unfolded = [ "Size Flags", "Visibility" ]

[node name="ArrowLeft" type="TextureRect" parent="InternalPlayerContainer/ArrowLeft" index="0"]

visible = false
anchor_left = 0.0
anchor_top = 0.0
anchor_right = 0.0
anchor_bottom = 0.0
margin_top = 9.0
margin_right = 12.0
margin_bottom = 36.0
rect_min_size = Vector2( 12, 27 )
rect_pivot_offset = Vector2( 0, 0 )
rect_clip_content = false
mouse_filter = 1
mouse_default_cursor_shape = 0
size_flags_horizontal = 1
size_flags_vertical = 4
texture = ExtResource( 17 )
expand = true
stretch_mode = 0
_sections_unfolded = [ "Rect", "Size Flags" ]

[node name="Label" type="Label" parent="InternalPlayerContainer/ArrowLeft" index="1"]

anchor_left = 0.0
anchor_top = 0.0
anchor_right = 0.0
anchor_bottom = 0.0
margin_top = 3.0
margin_right = 29.0
margin_bottom = 41.0
rect_pivot_offset = Vector2( 0, 0 )
rect_clip_content = false
mouse_filter = 2
mouse_default_cursor_shape = 0
size_flags_horizontal = 1
size_flags_vertical = 4
custom_fonts/font = ExtResource( 18 )
text = "‹ s"
valign = 1
percent_visible = 1.0
lines_skipped = 0
max_lines_visible = -1
_sections_unfolded = [ "custom_fonts" ]

[node name="InternalPlayerText" parent="InternalPlayerContainer" index="1" instance=ExtResource( 15 )]

modulate = Color( 1, 1, 1, 0 )
margin_right = 48.0
margin_bottom = 45.0
rect_scale = Vector2( 1, 1 )
size_flags_horizontal = 3
size_flags_vertical = 3
custom_fonts/font = ExtResource( 16 )
align = 1
valign = 1
autowrap = true
_sections_unfolded = [ "Rect", "Size Flags", "Visibility", "custom_fonts" ]

[node name="ArrowRight" type="HBoxContainer" parent="InternalPlayerContainer" index="2"]

editor/display_folded = true
visible = false
anchor_left = 0.0
anchor_top = 0.0
anchor_right = 0.0
anchor_bottom = 0.0
margin_left = 42.0
margin_right = 73.0
margin_bottom = 45.0
rect_pivot_offset = Vector2( 0, 0 )
rect_clip_content = false
mouse_filter = 1
mouse_default_cursor_shape = 0
size_flags_horizontal = 1
size_flags_vertical = 1
alignment = 0
_sections_unfolded = [ "Size Flags", "Visibility" ]

[node name="Label" type="Label" parent="InternalPlayerContainer/ArrowRight" index="0"]

anchor_left = 0.0
anchor_top = 0.0
anchor_right = 0.0
anchor_bottom = 0.0
margin_top = 3.0
margin_right = 31.0
margin_bottom = 41.0
rect_pivot_offset = Vector2( 0, 0 )
rect_clip_content = false
mouse_filter = 2
mouse_default_cursor_shape = 0
size_flags_horizontal = 1
size_flags_vertical = 4
custom_fonts/font = ExtResource( 18 )
text = "k ›"
align = 2
valign = 1
percent_visible = 1.0
lines_skipped = 0
max_lines_visible = -1
_sections_unfolded = [ "Size Flags", "custom_fonts" ]

[node name="ArrowRight" type="TextureRect" parent="InternalPlayerContainer/ArrowRight" index="1"]

visible = false
anchor_left = 0.0
anchor_top = 0.0
anchor_right = 0.0
anchor_bottom = 0.0
margin_left = 19.0
margin_top = 9.0
margin_right = 31.0
margin_bottom = 36.0
rect_min_size = Vector2( 12, 27 )
rect_pivot_offset = Vector2( 0, 0 )
rect_clip_content = false
mouse_filter = 1
mouse_default_cursor_shape = 0
size_flags_horizontal = 1
size_flags_vertical = 4
texture = ExtResource( 19 )
expand = true
stretch_mode = 0
_sections_unfolded = [ "Rect", "Size Flags" ]

[node name="AnimationPlayer" type="AnimationPlayer" parent="InternalPlayerContainer" index="3"]

root_node = NodePath("..")
autoplay = ""
playback_process_mode = 1
playback_default_blend_time = 0.0
playback_speed = 1.0
anims/fade_in = SubResource( 3 )
anims/fade_out_text = SubResource( 4 )
blend_times = [  ]

[node name="DelayTimer" type="Timer" parent="." index="6"]

process_mode = 1
wait_time = 0.75
one_shot = true
autostart = false

[node name="KeyTimeout" type="Timer" parent="." index="7"]

process_mode = 1
wait_time = 0.35
one_shot = true
autostart = false

[connection signal="fire" from="KeyRight" to="." method="_on_KeyRight_fire"]

[connection signal="fire" from="KeyLeft" to="." method="_on_KeyLeft_fire"]

[connection signal="fire" from="KeyAction" to="." method="_on_KeyAction_fire"]

[connection signal="timeout" from="KeyTimeout" to="." method="_on_KeyTimeout_timeout"]


