[gd_scene load_steps=44 format=2]

[ext_resource path="res://scenes/world/World.gd" type="Script" id=1]
[ext_resource path="res://assets/strings/Strings.tscn" type="PackedScene" id=2]
[ext_resource path="res://assets/colors/Colors.gd" type="Script" id=3]
[ext_resource path="res://scenes/gui/TransitionScrim.tscn" type="PackedScene" id=4]
[ext_resource path="res://scenes/gui/DebugMenu.tscn" type="PackedScene" id=5]
[ext_resource path="res://scenes/gui/PauseMenu.tscn" type="PackedScene" id=6]
[ext_resource path="res://scenes/gui/EndScreen.tscn" type="PackedScene" id=7]
[ext_resource path="res://assets/environment/fadezone.png" type="Texture" id=8]
[ext_resource path="res://assets/environment/EnvZone.gd" type="Script" id=9]
[ext_resource path="res://scenes/world/text_styles/MonoStrLabel.tscn" type="PackedScene" id=10]
[ext_resource path="res://scenes/tool/dialogue/DialogueScene.tscn" type="PackedScene" id=11]
[ext_resource path="res://assets/dialogue/O2Dialogue.gd" type="Script" id=12]
[ext_resource path="res://assets/environment/particle/anim.png" type="Texture" id=13]
[ext_resource path="res://scenes/character/O2.tscn" type="PackedScene" id=14]
[ext_resource path="res://scenes/character/N2.tscn" type="PackedScene" id=15]
[ext_resource path="res://assets/dialogue/CO2Dialogue.gd" type="Script" id=16]
[ext_resource path="res://scenes/character/CO2.tscn" type="PackedScene" id=17]
[ext_resource path="res://scenes/character/H.tscn" type="PackedScene" id=18]
[ext_resource path="res://assets/dialogue/HDialogue.gd" type="Script" id=19]
[ext_resource path="res://scenes/player/Player.tscn" type="PackedScene" id=20]
[ext_resource path="res://scenes/tool/StrRichTextLabel.tscn" type="PackedScene" id=21]
[ext_resource path="res://assets/fonts/HintKeybind18.tres" type="DynamicFont" id=22]
[ext_resource path="res://assets/fonts/Hint18.tres" type="DynamicFont" id=23]
[ext_resource path="res://scenes/tool/InputWatch.tscn" type="PackedScene" id=24]
[ext_resource path="res://scenes/tool/OneShotArea2D.tscn" type="PackedScene" id=25]

[sub_resource type="RectangleShape2D" id=1]

custom_solver_bias = 0.0
extents = Vector2( 14.5964, 75.0757 )

[sub_resource type="Gradient" id=2]

offsets = PoolRealArray( 0, 1 )
colors = PoolColorArray( 1, 1, 1, 0.0784314, 1, 1, 1, 0.313726 )

[sub_resource type="GradientTexture" id=3]

flags = 4
gradient = SubResource( 2 )
width = 10

[sub_resource type="ParticlesMaterial" id=4]

render_priority = 0
trail_divisor = 1
emission_shape = 2
emission_box_extents = Vector3( 1200, 500, 0 )
flag_align_y = false
flag_rotate_y = false
flag_disable_z = true
spread = 180.0
flatness = 0.0
gravity = Vector3( 0, 0, 0 )
initial_velocity = 2.0
initial_velocity_random = 0.0
angular_velocity = 0.0
angular_velocity_random = 0.0
orbit_velocity = 0.0
orbit_velocity_random = 0.0
linear_accel = 0.0
linear_accel_random = 0.0
radial_accel = 0.0
radial_accel_random = 0.0
tangential_accel = 0.0
tangential_accel_random = 0.0
damping = 0.0
damping_random = 0.0
angle = 0.0
angle_random = 0.0
scale = 0.5
scale_random = 0.8
color_ramp = SubResource( 3 )
hue_variation = 0.0
hue_variation_random = 0.0
anim_speed = 1.0
anim_speed_random = 0.0
anim_offset = 0.0
anim_offset_random = 0.0
anim_loop = false
_sections_unfolded = [ "Animation", "Color", "Emission Shape", "Scale" ]

[sub_resource type="Animation" id=5]

resource_name = "leave"
length = 4.0
loop = false
step = 0.1
tracks/0/type = "value"
tracks/0/path = NodePath(".:facing")
tracks/0/interp = 1
tracks/0/loop_wrap = true
tracks/0/imported = false
tracks/0/enabled = true
tracks/0/keys = {
"times": PoolRealArray( 0, 0.1 ),
"transitions": PoolRealArray( 1, 1 ),
"update": 1,
"values": [ "left", "right" ]
}
tracks/1/type = "value"
tracks/1/path = NodePath(".:position")
tracks/1/interp = 2
tracks/1/loop_wrap = true
tracks/1/imported = false
tracks/1/enabled = true
tracks/1/keys = {
"times": PoolRealArray( 0.1, 4 ),
"transitions": PoolRealArray( 2.04982, 1 ),
"update": 0,
"values": [ Vector2( 124.637, -60.4558 ), Vector2( 728.72, -175.842 ) ]
}

[sub_resource type="RectangleShape2D" id=6]

custom_solver_bias = 0.0
extents = Vector2( 10, 110.223 )

[sub_resource type="RectangleShape2D" id=7]

custom_solver_bias = 0.0
extents = Vector2( 10, 97.6252 )

[sub_resource type="RectangleShape2D" id=8]

custom_solver_bias = 0.0
extents = Vector2( 10, 85.5078 )

[sub_resource type="RectangleShape2D" id=9]

custom_solver_bias = 0.0
extents = Vector2( 134.224, 10 )

[sub_resource type="RectangleShape2D" id=10]

custom_solver_bias = 0.0
extents = Vector2( 89.0869, 10 )

[sub_resource type="Animation" id=11]

resource_name = "leave"
length = 2.0
loop = false
step = 0.01
tracks/0/type = "value"
tracks/0/path = NodePath(".:facing")
tracks/0/interp = 1
tracks/0/loop_wrap = true
tracks/0/imported = false
tracks/0/enabled = true
tracks/0/keys = {
"times": PoolRealArray( 0, 0.01 ),
"transitions": PoolRealArray( 1, 1 ),
"update": 1,
"values": [ "right", "left" ]
}
tracks/1/type = "value"
tracks/1/path = NodePath(".:position")
tracks/1/interp = 1
tracks/1/loop_wrap = true
tracks/1/imported = false
tracks/1/enabled = true
tracks/1/keys = {
"times": PoolRealArray( 0, 2 ),
"transitions": PoolRealArray( 2.24652, 1 ),
"update": 0,
"values": [ Vector2( -48.5352, 100.33 ), Vector2( -217.804, -156.66 ) ]
}

[sub_resource type="Animation" id=12]

resource_name = "move"
length = 2.0
loop = false
step = 0.01
tracks/0/type = "value"
tracks/0/path = NodePath(".:facing")
tracks/0/interp = 1
tracks/0/loop_wrap = true
tracks/0/imported = false
tracks/0/enabled = true
tracks/0/keys = {
"times": PoolRealArray( 0, 0.01 ),
"transitions": PoolRealArray( 1, 1 ),
"update": 1,
"values": [ "right", "left" ]
}
tracks/1/type = "value"
tracks/1/path = NodePath(".:position")
tracks/1/interp = 1
tracks/1/loop_wrap = true
tracks/1/imported = false
tracks/1/enabled = true
tracks/1/keys = {
"times": PoolRealArray( 0, 2, 2.01 ),
"transitions": PoolRealArray( -2.19476, 1, 1 ),
"update": 0,
"values": [ Vector2( 190.455, -6.21747 ), Vector2( 149.044, 104.839 ), Vector2( 144.74, 100.038 ) ]
}

[sub_resource type="Curve2D" id=13]

bake_interval = 5.0
_data = {
"points": PoolVector2Array( 0, 0, 0, 0, 30, 30, 0, 0, 339, 0, 805, 30, -132.5, -171.5, 89.45, 115.77, 1556.5, 524, -542.79, -164.35, 453.01, 137.16, 2681.5, 1137.34, -728, 0, 458.5, 0, 3629, 1949.5, -146.84, 542.54, 77, -284.5, 4559, 695.5, -129, 225, 129, -225, 4629.5, -111.5, 0, 110.5, 0, -110.5, 4848, -484.5, -118, -17.37, 492.5, 72.5, 5096.5, -722.5, -535, -284.5, 535, 284.5, 6448.5, -435.5, -607.05, 0, 0, 0, 9010.14, -40.5436 )
}

[sub_resource type="ParticlesMaterial" id=14]

render_priority = 0
trail_divisor = 1
emission_shape = 2
emission_box_extents = Vector3( 1024, 768, 0 )
flag_align_y = false
flag_rotate_y = false
flag_disable_z = true
spread = 180.0
flatness = 0.0
gravity = Vector3( 0, 0, 0 )
initial_velocity = 2.0
initial_velocity_random = 0.0
angular_velocity = 0.0
angular_velocity_random = 0.0
orbit_velocity = 0.0
orbit_velocity_random = 0.0
linear_accel = 0.0
linear_accel_random = 0.0
radial_accel = 0.0
radial_accel_random = 0.0
tangential_accel = 0.0
tangential_accel_random = 0.0
damping = 0.0
damping_random = 0.0
angle = 0.0
angle_random = 0.0
scale = 0.5
scale_random = 0.8
color_ramp = SubResource( 3 )
hue_variation = 0.0
hue_variation_random = 0.0
anim_speed = 1.0
anim_speed_random = 0.0
anim_offset = 0.0
anim_offset_random = 0.0
anim_loop = false
_sections_unfolded = [ "Angular Velocity", "Animation", "Color", "Initial Velocity", "Scale", "Spread" ]

[sub_resource type="Gradient" id=15]

offsets = PoolRealArray( 0, 1 )
colors = PoolColorArray( 1, 1, 1, 0.156863, 1, 1, 1, 0.352941 )

[sub_resource type="GradientTexture" id=16]

flags = 4
gradient = SubResource( 15 )
width = 2048

[sub_resource type="ParticlesMaterial" id=17]

render_priority = 0
trail_divisor = 1
emission_shape = 2
emission_box_extents = Vector3( 0, 768, 0 )
flag_align_y = false
flag_rotate_y = false
flag_disable_z = true
spread = 45.0
flatness = 0.0
gravity = Vector3( 0, 0, 0 )
initial_velocity = 40.0
initial_velocity_random = 0.5
angular_velocity = 0.0
angular_velocity_random = 0.0
orbit_velocity = 0.0
orbit_velocity_random = 0.0
linear_accel = 0.0
linear_accel_random = 0.0
radial_accel = 0.0
radial_accel_random = 0.0
tangential_accel = 0.0
tangential_accel_random = 0.0
damping = 0.0
damping_random = 0.0
angle = 0.0
angle_random = 0.0
scale = 0.3
scale_random = 0.5
color_ramp = SubResource( 16 )
hue_variation = 0.0
hue_variation_random = 0.0
anim_speed = 0.0
anim_speed_random = 0.0
anim_offset = 0.5
anim_offset_random = 0.0
anim_loop = false
_sections_unfolded = [ "Initial Velocity", "Scale" ]

[sub_resource type="CircleShape2D" id=18]

custom_solver_bias = 0.0
radius = 10.0

[node name="World" type="Node" index="0"]

script = ExtResource( 1 )

[node name="Dictionary" parent="." index="0" instance=ExtResource( 2 )]

[node name="ColorDict" type="Node" parent="." index="1"]

script = ExtResource( 3 )
C_DARK = Color( 0.701961, 0.756863, 0.32549, 1 )
C_LIGHT = Color( 0.941176, 1, 0.54902, 1 )
H_DARK = Color( 0.313726, 0.301961, 0.74902, 1 )
H_LIGHT = Color( 0.6, 0.592157, 0.87451, 1 )
N_DARK = Color( 0.117647, 0.670588, 0.454902, 1 )
N_LIGHT = Color( 0.541176, 0.933333, 0.780392, 1 )
O_DARK = Color( 0, 0.643137, 0.737255, 1 )
O_LIGHT = Color( 0.478431, 0.8, 0.784314, 1 )

[node name="TransitionScrim" parent="." index="2" instance=ExtResource( 4 )]

[node name="DebugMenu" parent="." index="3" instance=ExtResource( 5 )]

[node name="PauseMenu" parent="." index="4" instance=ExtResource( 6 )]

[node name="EndScreen" parent="." index="5" instance=ExtResource( 7 )]

layer = 100

[node name="Background" type="Node2D" parent="." index="6"]

editor/display_folded = true
z_index = -10
_sections_unfolded = [ "Z Index" ]

[node name="Background" type="ColorRect" parent="Background" index="0"]

anchor_left = 0.5
anchor_top = 0.5
anchor_right = 0.5
anchor_bottom = 0.5
margin_left = -846.0
margin_top = -1441.0
margin_right = 9976.0
margin_bottom = 2606.0
rect_pivot_offset = Vector2( 0, 0 )
rect_clip_content = false
mouse_filter = 0
mouse_default_cursor_shape = 0
size_flags_horizontal = 1
size_flags_vertical = 1
color = Color( 0.0862745, 0.25098, 0.294118, 1 )

[node name="ColdZone" type="TextureRect" parent="Background" index="1"]

modulate = Color( 0.215332, 0.443188, 0.765625, 0.530392 )
anchor_left = 0.0
anchor_top = 0.0
anchor_right = 0.0
anchor_bottom = 0.0
margin_left = 3165.0
margin_top = -2386.0
margin_right = 6732.0
margin_bottom = 1181.0
rect_pivot_offset = Vector2( 0, 0 )
rect_clip_content = false
mouse_filter = 1
mouse_default_cursor_shape = 0
size_flags_horizontal = 1
size_flags_vertical = 1
texture = ExtResource( 8 )
expand = true
stretch_mode = 0
script = ExtResource( 9 )
_sections_unfolded = [ "Rect" ]
max_delta = -0.4
active = true

[node name="DeadZone" type="TextureRect" parent="Background" index="2"]

modulate = Color( 0.289062, 0.289062, 0.289062, 0.745843 )
anchor_left = 0.0
anchor_top = 0.0
anchor_right = 0.0
anchor_bottom = 0.0
margin_left = 6504.0
margin_top = -2252.0
margin_right = 11751.0
margin_bottom = 1824.0
rect_pivot_offset = Vector2( 0, 0 )
rect_clip_content = false
mouse_filter = 1
mouse_default_cursor_shape = 0
size_flags_horizontal = 1
size_flags_vertical = 1
texture = ExtResource( 8 )
expand = true
stretch_mode = 0
script = ExtResource( 9 )
_sections_unfolded = [ "Visibility" ]
max_delta = -0.75
active = true

[node name="WarmZone" type="TextureRect" parent="Background" index="3"]

visible = false
modulate = Color( 0.765625, 0.615154, 0.215332, 0.33702 )
anchor_left = 0.0
anchor_top = 0.0
anchor_right = 0.0
anchor_bottom = 0.0
margin_left = 6504.0
margin_top = -1907.0
margin_right = 10071.0
margin_bottom = 1660.0
rect_pivot_offset = Vector2( 0, 0 )
rect_clip_content = false
mouse_filter = 1
mouse_default_cursor_shape = 0
size_flags_horizontal = 1
size_flags_vertical = 1
texture = ExtResource( 8 )
expand = true
stretch_mode = 0
script = ExtResource( 9 )
_sections_unfolded = [ "Visibility" ]
max_delta = 0.2
active = false

[node name="WarmerZone" type="TextureRect" parent="Background" index="4"]

visible = false
modulate = Color( 0.738281, 0.22837, 0.0288391, 0.635373 )
anchor_left = 0.0
anchor_top = 0.0
anchor_right = 0.0
anchor_bottom = 0.0
margin_left = 7038.0
margin_top = -1935.0
margin_right = 11064.0
margin_bottom = 2091.0
rect_pivot_offset = Vector2( 0, 0 )
rect_clip_content = false
mouse_filter = 1
mouse_default_cursor_shape = 0
size_flags_horizontal = 1
size_flags_vertical = 1
texture = ExtResource( 8 )
expand = true
stretch_mode = 0
script = ExtResource( 9 )
_sections_unfolded = [ "Visibility" ]
max_delta = 0.25
active = false

[node name="Labels" type="Node2D" parent="." index="7"]

editor/display_folded = true

[node name="LabelVast" parent="Labels" index="0" instance=ExtResource( 10 )]

margin_left = 617.0
margin_top = 194.0
margin_right = 1615.0
margin_bottom = 304.0
text = "[Mono/Start/VAST]"
align = 1
_sections_unfolded = [ "Margin", "Rect", "custom_colors", "custom_fonts" ]
key = "Mono/Start/VAST"

[node name="LabelReturn" parent="Labels" index="1" instance=ExtResource( 10 )]

visible = false
margin_left = -334.0
margin_top = -185.0
margin_right = 442.0
margin_bottom = -70.0
text = "[Mono/Start/RETURN]"
_sections_unfolded = [ "Margin", "Rect", "custom_colors", "custom_fonts" ]
key = "Mono/Start/RETURN"

[node name="DiatomicDialogueScene" parent="." index="8" instance=ExtResource( 11 )]

position = Vector2( 2832.3, 1203.62 )
__activation_zone = NodePath("ActivationZone")
__chat_icon_position = NodePath("ChatIconPos")
__player_text_container = NodePath("PlayerText")
__npc_text_container = NodePath("NPCText")
__camera = NodePath("Camera2D")
__player = NodePath("../PlayerPath/PathFollow2D/Player")
__transition_scrim = NodePath("../TransitionScrim")
player_position = 3200
__dialogue_provider = NodePath("DialogueProvider")
npc_text_color = "O"

[node name="ActivationZone" type="Area2D" parent="DiatomicDialogueScene" index="4"]

position = Vector2( -12.9614, 13.4396 )
rotation = -0.930954
input_pickable = true
gravity_vec = Vector2( 0, 1 )
gravity = 98.0
linear_damp = 0.1
angular_damp = 1.0
audio_bus_override = false
audio_bus_name = "Master"

[node name="CollisionShape2D" type="CollisionShape2D" parent="DiatomicDialogueScene/ActivationZone" index="0"]

shape = SubResource( 1 )

[node name="ChatIconPos" type="Position2D" parent="DiatomicDialogueScene" index="5"]

position = Vector2( 107.122, -146.195 )

[node name="PlayerText" type="Container" parent="DiatomicDialogueScene" index="6"]

anchor_left = 0.0
anchor_top = 0.0
anchor_right = 0.0
anchor_bottom = 0.0
margin_left = -233.0
margin_top = -108.0
margin_right = -57.0
margin_bottom = -18.0
rect_pivot_offset = Vector2( 0, 0 )
rect_clip_content = false
mouse_filter = 0
mouse_default_cursor_shape = 0
size_flags_horizontal = 1
size_flags_vertical = 1

[node name="NPCText" type="Container" parent="DiatomicDialogueScene" index="7"]

anchor_left = 0.0
anchor_top = 0.0
anchor_right = 0.0
anchor_bottom = 0.0
margin_left = 146.0
margin_top = 13.0
margin_right = 349.0
margin_bottom = 104.0
rect_pivot_offset = Vector2( 0, 0 )
rect_clip_content = false
mouse_filter = 0
mouse_default_cursor_shape = 0
size_flags_horizontal = 1
size_flags_vertical = 1

[node name="Camera2D" type="Camera2D" parent="DiatomicDialogueScene" index="8"]

position = Vector2( 60, -20 )
anchor_mode = 1
rotating = false
current = false
zoom = Vector2( 0.66667, 0.66667 )
limit_left = -10000000
limit_top = -10000000
limit_right = 10000000
limit_bottom = 10000000
limit_smoothed = false
drag_margin_h_enabled = true
drag_margin_v_enabled = true
smoothing_enabled = false
smoothing_speed = 5.0
offset_v = 0.0
offset_h = 0.0
drag_margin_left = 0.2
drag_margin_top = 0.2
drag_margin_right = 0.2
drag_margin_bottom = 0.2
editor_draw_screen = true
editor_draw_limits = false
editor_draw_drag_margin = false

[node name="DialogueProvider" type="Node" parent="DiatomicDialogueScene" index="9"]

editor/display_folded = true
script = ExtResource( 12 )
identifier = "Dialogue/O2/"
__diatomic = NodePath("../O2")

[node name="ParticlesPath" type="Particles2D" parent="DiatomicDialogueScene/DialogueProvider" index="0"]

visible = false
position = Vector2( 3900, 280 )
rotation = -0.651473
z_index = -1
emitting = false
amount = 450
lifetime = 4.0
one_shot = true
preprocess = 4.0
speed_scale = 1.0
explosiveness = 0.0
randomness = 0.0
fixed_fps = 0
fract_delta = true
visibility_rect = Rect2( -1200, -500, 2400, 1000 )
local_coords = false
draw_order = 0
process_material = SubResource( 4 )
texture = ExtResource( 13 )
normal_map = null
h_frames = 48
v_frames = 1
_sections_unfolded = [ "Drawing", "Process Material", "Textures", "Time", "Transform", "Z Index" ]

[node name="O2" parent="DiatomicDialogueScene" index="14" instance=ExtResource( 14 )]

position = Vector2( 124.637, -60.4558 )
_sections_unfolded = [ "Transform" ]
facing = "left"

[node name="AnimationPlayer" type="AnimationPlayer" parent="DiatomicDialogueScene/O2" index="3"]

root_node = NodePath("..")
autoplay = ""
playback_process_mode = 1
playback_default_blend_time = 0.0
playback_speed = 1.0
anims/leave = SubResource( 5 )
blend_times = [  ]

[node name="NitrogenZone" type="Node2D" parent="." index="9"]

editor/display_folded = true
position = Vector2( 3117.04, 1898.73 )
_sections_unfolded = [ "Transform" ]

[node name="N2Molecule" parent="NitrogenZone" index="0" instance=ExtResource( 15 )]

position = Vector2( 142.109, -232.335 )
rotation = 0.873905
gawker = true

[node name="Area2D" type="Area2D" parent="NitrogenZone/N2Molecule" index="3"]

position = Vector2( -42.9697, 132.699 )
rotation = -1.44691
input_pickable = true
gravity_vec = Vector2( 0, 1 )
gravity = 98.0
linear_damp = 0.1
angular_damp = 1.0
audio_bus_override = false
audio_bus_name = "Master"

[node name="CollisionShape2D" type="CollisionShape2D" parent="NitrogenZone/N2Molecule/Area2D" index="0"]

shape = SubResource( 6 )

[node name="N2Molecule2" parent="NitrogenZone" index="1" instance=ExtResource( 15 )]

position = Vector2( 877.555, -401.235 )
rotation = 1.22735
facing = "left"
gawker = true

[node name="Area2D" type="Area2D" parent="NitrogenZone/N2Molecule2" index="3"]

position = Vector2( 151.722, -122.751 )
rotation = -0.645679
input_pickable = true
gravity_vec = Vector2( 0, 1 )
gravity = 98.0
linear_damp = 0.1
angular_damp = 1.0
audio_bus_override = false
audio_bus_name = "Master"
_sections_unfolded = [ "Transform" ]

[node name="CollisionShape2D" type="CollisionShape2D" parent="NitrogenZone/N2Molecule2/Area2D" index="0"]

shape = SubResource( 7 )

[node name="N2Molecule17" parent="NitrogenZone" index="2" instance=ExtResource( 15 )]

position = Vector2( 722.388, -213.402 )
rotation = 1.86077
facing = "left"
gawker = true

[node name="Area2D" type="Area2D" parent="NitrogenZone/N2Molecule17" index="3"]

position = Vector2( 91.1169, -149.976 )
rotation = -4.03447
input_pickable = true
gravity_vec = Vector2( 0, 1 )
gravity = 98.0
linear_damp = 0.1
angular_damp = 1.0
audio_bus_override = false
audio_bus_name = "Master"
_sections_unfolded = [ "Transform" ]

[node name="CollisionShape2D" type="CollisionShape2D" parent="NitrogenZone/N2Molecule17/Area2D" index="0"]

shape = SubResource( 7 )

[node name="N2Molecule3" parent="NitrogenZone" index="3" instance=ExtResource( 15 )]

position = Vector2( 1543.34, -586.439 )
rotation = 3.6943
facing = "left"

[node name="N2Molecule5" parent="NitrogenZone" index="4" instance=ExtResource( 15 )]

position = Vector2( 549.674, -397.623 )
rotation = 2.24352

[node name="N2Molecule22" parent="NitrogenZone" index="5" instance=ExtResource( 15 )]

position = Vector2( 770.173, -683.456 )
rotation = 2.78761

[node name="N2Molecule28" parent="NitrogenZone" index="6" instance=ExtResource( 15 )]

position = Vector2( 913.09, -1026.46 )
rotation = 4.02799

[node name="N2Molecule27" parent="NitrogenZone" index="7" instance=ExtResource( 15 )]

position = Vector2( 1746.09, -932.54 )
rotation = 1.77334
facing = "left"

[node name="N2Molecule6" parent="NitrogenZone" index="8" instance=ExtResource( 15 )]

position = Vector2( 295.833, -487.975 )
rotation = 0.295567
facing = "left"

[node name="N2Molecule7" parent="NitrogenZone" index="9" instance=ExtResource( 15 )]

position = Vector2( -53.8489, -14.1925 )
rotation = 0.873905
facing = "left"
gawker = true

[node name="Area2D" type="Area2D" parent="NitrogenZone/N2Molecule7" index="3"]

position = Vector2( 56.7227, -160.504 )
rotation = -1.72991
input_pickable = true
gravity_vec = Vector2( 0, 1 )
gravity = 98.0
linear_damp = 0.1
angular_damp = 1.0
audio_bus_override = false
audio_bus_name = "Master"

[node name="CollisionShape2D" type="CollisionShape2D" parent="NitrogenZone/N2Molecule7/Area2D" index="0"]

shape = SubResource( 8 )

[node name="N2Molecule8" parent="NitrogenZone" index="10" instance=ExtResource( 15 )]

position = Vector2( -156.035, 88.4398 )
rotation = 1.19968

[node name="N2Molecule12" parent="NitrogenZone" index="11" instance=ExtResource( 15 )]

position = Vector2( -388.174, -156.812 )
rotation = 2.52071

[node name="N2Molecule13" parent="NitrogenZone" index="12" instance=ExtResource( 15 )]

position = Vector2( -331.618, 161.939 )
rotation = 1.73952

[node name="N2Molecule14" parent="NitrogenZone" index="13" instance=ExtResource( 15 )]

position = Vector2( -33.5352, 276.272 )
rotation = 2.56317
facing = "left"

[node name="N2Molecule15" parent="NitrogenZone" index="14" instance=ExtResource( 15 )]

position = Vector2( 146.131, 337.523 )
rotation = 4.60554

[node name="N2Molecule16" parent="NitrogenZone" index="15" instance=ExtResource( 15 )]

position = Vector2( 280.881, 353.856 )
rotation = 5.03752
facing = "left"

[node name="N2Molecule19" parent="NitrogenZone" index="16" instance=ExtResource( 15 )]

position = Vector2( 489.131, 415.106 )
rotation = 6.80367
facing = "left"

[node name="N2Molecule20" parent="NitrogenZone" index="17" instance=ExtResource( 15 )]

position = Vector2( 807.631, 280.356 )
rotation = 4.80584
facing = "left"

[node name="N2Molecule21" parent="NitrogenZone" index="18" instance=ExtResource( 15 )]

position = Vector2( 1056.71, 80.2732 )
rotation = 6.09376

[node name="N2Molecule24" parent="NitrogenZone" index="19" instance=ExtResource( 15 )]

position = Vector2( 1465.05, 80.2732 )
rotation = 6.89811

[node name="N2Molecule25" parent="NitrogenZone" index="20" instance=ExtResource( 15 )]

position = Vector2( 1036.3, 325.273 )
rotation = 6.89811
facing = "left"

[node name="N2Molecule23" parent="NitrogenZone" index="21" instance=ExtResource( 15 )]

position = Vector2( 1424.21, -258.643 )
rotation = 5.63537
facing = "left"

[node name="N2Molecule10" parent="NitrogenZone" index="22" instance=ExtResource( 15 )]

position = Vector2( 502.456, -115.722 )
rotation = -0.275338
facing = "left"
gawker = true

[node name="Area2D" type="Area2D" parent="NitrogenZone/N2Molecule10" index="3"]

position = Vector2( 144.774, 160.653 )
rotation = -0.153788
input_pickable = true
gravity_vec = Vector2( 0, 1 )
gravity = 98.0
linear_damp = 0.1
angular_damp = 1.0
audio_bus_override = false
audio_bus_name = "Master"

[node name="CollisionShape2D" type="CollisionShape2D" parent="NitrogenZone/N2Molecule10/Area2D" index="0"]

shape = SubResource( 9 )

[node name="N2Molecule26" parent="NitrogenZone" index="23" instance=ExtResource( 15 )]

position = Vector2( 1600.87, -944.638 )
rotation = -0.754547
gawker = true

[node name="Area2D" type="Area2D" parent="NitrogenZone/N2Molecule26" index="3"]

position = Vector2( -114.464, -189.548 )
rotation = -0.453808
input_pickable = true
gravity_vec = Vector2( 0, 1 )
gravity = 98.0
linear_damp = 0.1
angular_damp = 1.0
audio_bus_override = false
audio_bus_name = "Master"

[node name="CollisionShape2D" type="CollisionShape2D" parent="NitrogenZone/N2Molecule26/Area2D" index="0"]

shape = SubResource( 9 )

[node name="N2Molecule4" parent="NitrogenZone" index="24" instance=ExtResource( 15 )]

position = Vector2( 358.879, -212.977 )
rotation = 1.97078
_sections_unfolded = [ "Transform" ]
facing = "left"

[node name="N2Molecule9" parent="NitrogenZone" index="25" instance=ExtResource( 15 )]

position = Vector2( 46.7876, 86.1276 )
rotation = -0.578612
facing = "left"
gawker = true

[node name="Area2D" type="Area2D" parent="NitrogenZone/N2Molecule9" index="3"]

position = Vector2( 190.805, 2.65161 )
rotation = -2.1607
input_pickable = true
gravity_vec = Vector2( 0, 1 )
gravity = 98.0
linear_damp = 0.1
angular_damp = 1.0
audio_bus_override = false
audio_bus_name = "Master"
_sections_unfolded = [ "Transform" ]

[node name="CollisionShape2D" type="CollisionShape2D" parent="NitrogenZone/N2Molecule9/Area2D" index="0"]

shape = SubResource( 10 )

[node name="N2Molecule11" parent="NitrogenZone" index="26" instance=ExtResource( 15 )]

position = Vector2( 229.344, 164.366 )
rotation = 0.680787
facing = "left"
gawker = true

[node name="Area2D" type="Area2D" parent="NitrogenZone/N2Molecule11" index="3"]

position = Vector2( 24.5381, -191.576 )
rotation = -3.67519
input_pickable = true
gravity_vec = Vector2( 0, 1 )
gravity = 98.0
linear_damp = 0.1
angular_damp = 1.0
audio_bus_override = false
audio_bus_name = "Master"
_sections_unfolded = [ "Transform" ]

[node name="CollisionShape2D" type="CollisionShape2D" parent="NitrogenZone/N2Molecule11/Area2D" index="0"]

shape = SubResource( 10 )

[node name="N2Molecule18" parent="NitrogenZone" index="27" instance=ExtResource( 15 )]

position = Vector2( 498.844, 201.116 )
rotation = -0.543669
facing = "left"
gawker = true

[node name="Area2D" type="Area2D" parent="NitrogenZone/N2Molecule18" index="3"]

position = Vector2( 212.533, -77.9475 )
rotation = -2.81802
input_pickable = true
gravity_vec = Vector2( 0, 1 )
gravity = 98.0
linear_damp = 0.1
angular_damp = 1.0
audio_bus_override = false
audio_bus_name = "Master"
_sections_unfolded = [ "Transform" ]

[node name="CollisionShape2D" type="CollisionShape2D" parent="NitrogenZone/N2Molecule18/Area2D" index="0"]

shape = SubResource( 10 )

[node name="CarbonDioxideScene" parent="." index="10" instance=ExtResource( 11 )]

editor/display_folded = true
position = Vector2( 4921.66, -755.79 )
__activation_zone = NodePath("ActivationZone")
__chat_icon_position = NodePath("ChatIconPos")
__player_text_container = NodePath("PlayerText")
__npc_text_container = NodePath("NPCText")
__camera = NodePath("Camera2D")
__player = NodePath("../PlayerPath/PathFollow2D/Player")
__transition_scrim = NodePath("../TransitionScrim")
player_position = 7580
__dialogue_provider = NodePath("DialogueProvider")
npc_text_color = "C"
player_direction = "left"

[node name="ActivationZone" type="Area2D" parent="CarbonDioxideScene" index="4"]

position = Vector2( 67.0386, 53.4396 )
rotation = -1.89174
input_pickable = true
gravity_vec = Vector2( 0, 1 )
gravity = 98.0
linear_damp = 0.1
angular_damp = 1.0
audio_bus_override = false
audio_bus_name = "Master"

[node name="CollisionShape2D" type="CollisionShape2D" parent="CarbonDioxideScene/ActivationZone" index="0"]

shape = SubResource( 1 )

[node name="ChatIconPos" type="Position2D" parent="CarbonDioxideScene" index="5"]

position = Vector2( -34.502, -112.872 )

[node name="PlayerText" type="Container" parent="CarbonDioxideScene" index="6"]

anchor_left = 0.0
anchor_top = 0.0
anchor_right = 0.0
anchor_bottom = 0.0
margin_left = 108.0
margin_top = -108.0
margin_right = 284.0
margin_bottom = -18.0
rect_pivot_offset = Vector2( 0, 0 )
rect_clip_content = false
mouse_filter = 0
mouse_default_cursor_shape = 0
size_flags_horizontal = 1
size_flags_vertical = 1

[node name="NPCText" type="Container" parent="CarbonDioxideScene" index="7"]

anchor_left = 0.0
anchor_top = 0.0
anchor_right = 0.0
anchor_bottom = 0.0
margin_left = -271.0
margin_top = -2.0
margin_right = -68.0
margin_bottom = 89.0
rect_pivot_offset = Vector2( 0, 0 )
rect_clip_content = false
mouse_filter = 0
mouse_default_cursor_shape = 0
size_flags_horizontal = 1
size_flags_vertical = 1

[node name="Camera2D" type="Camera2D" parent="CarbonDioxideScene" index="8"]

anchor_mode = 1
rotating = false
current = false
zoom = Vector2( 0.66667, 0.66667 )
limit_left = -10000000
limit_top = -10000000
limit_right = 10000000
limit_bottom = 10000000
limit_smoothed = false
drag_margin_h_enabled = true
drag_margin_v_enabled = true
smoothing_enabled = false
smoothing_speed = 5.0
offset_v = 0.0
offset_h = 0.0
drag_margin_left = 0.2
drag_margin_top = 0.2
drag_margin_right = 0.2
drag_margin_bottom = 0.2
editor_draw_screen = true
editor_draw_limits = false
editor_draw_drag_margin = false
_sections_unfolded = [ "Transform" ]

[node name="DialogueProvider" type="Node" parent="CarbonDioxideScene" index="9"]

editor/display_folded = true
script = ExtResource( 16 )
identifier = "Dialogue/CO2/"
__co2 = NodePath("../CO2")

[node name="ParticlesPath" type="Particles2D" parent="CarbonDioxideScene/DialogueProvider" index="0"]

visible = false
position = Vector2( 3900, 280 )
rotation = -0.651473
z_index = -1
emitting = false
amount = 450
lifetime = 4.0
one_shot = true
preprocess = 4.0
speed_scale = 1.0
explosiveness = 0.0
randomness = 0.0
fixed_fps = 0
fract_delta = true
visibility_rect = Rect2( -1200, -500, 2400, 1000 )
local_coords = false
draw_order = 0
process_material = SubResource( 4 )
texture = ExtResource( 13 )
normal_map = null
h_frames = 48
v_frames = 1
_sections_unfolded = [ "Drawing", "Process Material", "Textures", "Time", "Transform", "Z Index" ]

[node name="CO2" parent="CarbonDioxideScene" index="14" instance=ExtResource( 17 )]

position = Vector2( -154.135, -70 )
rotation = 0.0766055

[node name="HydrogenScene" parent="." index="11" instance=ExtResource( 11 )]

editor/display_folded = true
visible = false
position = Vector2( 8529.61, -164.909 )
__activation_zone = NodePath("ActivationZone")
__chat_icon_position = NodePath("ChatIconPos")
__player_text_container = NodePath("PlayerText")
__npc_text_container = NodePath("NPCText")
__camera = NodePath("Camera2D")
__player = NodePath("../PlayerPath/PathFollow2D/Player")
__transition_scrim = NodePath("../TransitionScrim")
player_position = 11240
__dialogue_provider = NodePath("DialogueProvider")
npc_text_color = "H"
player_direction = "left"
listening = false

[node name="Hydrogens" type="Node2D" parent="HydrogenScene" index="4"]

position = Vector2( 13.1748, -104.303 )

[node name="H_int" parent="HydrogenScene/Hydrogens" index="0" instance=ExtResource( 18 )]

position = Vector2( -48.5352, 100.33 )
_sections_unfolded = [ "Transform" ]
facing = "left"

[node name="AnimationPlayer" type="AnimationPlayer" parent="HydrogenScene/Hydrogens/H_int" index="2"]

root_node = NodePath("..")
autoplay = ""
playback_process_mode = 1
playback_default_blend_time = 0.0
playback_speed = 1.0
anims/leave = SubResource( 11 )
blend_times = [  ]

[node name="H_friend" parent="HydrogenScene/Hydrogens" index="1" instance=ExtResource( 18 )]

position = Vector2( 190.455, -6.21747 )
_sections_unfolded = [ "Transform" ]

[node name="AnimationPlayer" type="AnimationPlayer" parent="HydrogenScene/Hydrogens/H_friend" index="2"]

root_node = NodePath("..")
autoplay = ""
playback_process_mode = 1
playback_default_blend_time = 0.0
playback_speed = 1.0
anims/move = SubResource( 12 )
blend_times = [  ]

[node name="H_1" parent="HydrogenScene/Hydrogens" index="2" instance=ExtResource( 18 )]

position = Vector2( -35.6445, -84.8609 )

[node name="H_2" parent="HydrogenScene/Hydrogens" index="3" instance=ExtResource( 18 )]

position = Vector2( -248.895, -37.653 )
facing = "left"

[node name="H_3" parent="HydrogenScene/Hydrogens" index="4" instance=ExtResource( 18 )]

position = Vector2( 326.955, -87.1858 )
facing = "left"

[node name="H_4" parent="HydrogenScene/Hydrogens" index="5" instance=ExtResource( 18 )]

position = Vector2( 415.887, 61.0342 )

[node name="H_5" parent="HydrogenScene/Hydrogens" index="6" instance=ExtResource( 18 )]

position = Vector2( -445.913, -57.0958 )

[node name="H_6" parent="HydrogenScene/Hydrogens" index="7" instance=ExtResource( 18 )]

position = Vector2( -124.013, -189.358 )
facing = "left"

[node name="H_7" parent="HydrogenScene/Hydrogens" index="8" instance=ExtResource( 18 )]

position = Vector2( -357.204, -253.743 )

[node name="H_8" parent="HydrogenScene/Hydrogens" index="9" instance=ExtResource( 18 )]

position = Vector2( 73.4922, -301.367 )
facing = "left"

[node name="H_9" parent="HydrogenScene/Hydrogens" index="10" instance=ExtResource( 18 )]

position = Vector2( 165.663, -153.48 )

[node name="H_10" parent="HydrogenScene/Hydrogens" index="11" instance=ExtResource( 18 )]

position = Vector2( 289.417, -226.398 )

[node name="ActivationZone" type="Area2D" parent="HydrogenScene" index="5"]

position = Vector2( 60.6045, 111.932 )
rotation = -1.47702
input_pickable = true
gravity_vec = Vector2( 0, 1 )
gravity = 98.0
linear_damp = 0.1
angular_damp = 1.0
audio_bus_override = false
audio_bus_name = "Master"

[node name="CollisionShape2D" type="CollisionShape2D" parent="HydrogenScene/ActivationZone" index="0"]

shape = SubResource( 1 )
_sections_unfolded = [ "Transform" ]

[node name="ChatIconPos" type="Position2D" parent="HydrogenScene" index="6"]

position = Vector2( -2.05762, -36.0898 )

[node name="PlayerText" type="Container" parent="HydrogenScene" index="7"]

anchor_left = 0.0
anchor_top = 0.0
anchor_right = 0.0
anchor_bottom = 0.0
margin_left = 84.0
margin_top = -3.0
margin_right = 260.0
margin_bottom = 87.0
rect_pivot_offset = Vector2( 0, 0 )
rect_clip_content = false
mouse_filter = 0
mouse_default_cursor_shape = 0
size_flags_horizontal = 1
size_flags_vertical = 1

[node name="NPCText" type="Container" parent="HydrogenScene" index="8"]

anchor_left = 0.0
anchor_top = 0.0
anchor_right = 0.0
anchor_bottom = 0.0
margin_left = -287.0
margin_top = -96.0
margin_right = -84.0
margin_bottom = -5.0
rect_pivot_offset = Vector2( 0, 0 )
rect_clip_content = false
mouse_filter = 0
mouse_default_cursor_shape = 0
size_flags_horizontal = 1
size_flags_vertical = 1

[node name="Camera2D" type="Camera2D" parent="HydrogenScene" index="9"]

anchor_mode = 1
rotating = false
current = false
zoom = Vector2( 0.66667, 0.66667 )
limit_left = -10000000
limit_top = -10000000
limit_right = 10000000
limit_bottom = 10000000
limit_smoothed = false
drag_margin_h_enabled = true
drag_margin_v_enabled = true
smoothing_enabled = true
smoothing_speed = 2.0
offset_v = 0.0
offset_h = 0.0
drag_margin_left = 0.2
drag_margin_top = 0.2
drag_margin_right = 0.2
drag_margin_bottom = 0.2
editor_draw_screen = true
editor_draw_limits = false
editor_draw_drag_margin = false
_sections_unfolded = [ "Smoothing", "Transform" ]

[node name="DialogueProvider" type="Node" parent="HydrogenScene" index="10"]

script = ExtResource( 19 )
identifier = "Dialogue/"
__main_hydrogen = NodePath("../Hydrogens/H_int")
__friend_hydrogen = NodePath("../Hydrogens/H_friend")

[node name="Timer" type="Timer" parent="HydrogenScene/DialogueProvider" index="0"]

process_mode = 1
wait_time = 1.0
one_shot = true
autostart = false

[node name="PlayerPath" type="Path2D" parent="." index="12"]

editor/display_folded = true
self_modulate = Color( 0.5, 0.6, 1, 0.7 )
curve = SubResource( 13 )
_sections_unfolded = [ "Material", "Visibility" ]

[node name="PathFollow2D" type="PathFollow2D" parent="PlayerPath" index="0"]

position = Vector2( 30, 30 )
rotation = 9.67218e-07
offset = 0.0
h_offset = 0.0
v_offset = 0.0
rotate = false
cubic_interp = false
loop = false
lookahead = 4.0

[node name="Player" parent="PlayerPath/PathFollow2D" index="0" instance=ExtResource( 20 )]

z_index = 10
_sections_unfolded = [ "Z Index" ]
speed = 1.25

[node name="PlayerHint" parent="PlayerPath/PathFollow2D" index="1" instance=ExtResource( 21 )]

margin_left = -147.0
margin_top = -95.0
margin_right = 299.0
margin_bottom = -43.0
custom_fonts/bold_font = ExtResource( 22 )
custom_fonts/normal_font = ExtResource( 23 )
bbcode_enabled = true
bbcode_text = "[center][Hints/KEY_ONWARD][/center]"
text = "[Hints/KEY_ONWARD]"
key = "Hints/KEY_ONWARD"

[node name="Particles" type="Node2D" parent="PlayerPath/PathFollow2D" index="2"]

visible = false
z_index = -1
_sections_unfolded = [ "Z Index" ]

[node name="ParticlesStill" type="Particles2D" parent="PlayerPath/PathFollow2D/Particles" index="0"]

emitting = true
amount = 400
lifetime = 4.0
one_shot = false
preprocess = 4.0
speed_scale = 1.0
explosiveness = 0.0
randomness = 0.0
fixed_fps = 0
fract_delta = true
visibility_rect = Rect2( -1024, -768, 2048, 1536 )
local_coords = false
draw_order = 0
process_material = SubResource( 14 )
texture = ExtResource( 13 )
normal_map = null
h_frames = 48
v_frames = 1
_sections_unfolded = [ "Drawing", "Process Material", "Textures", "Time", "Z Index" ]

[node name="ParticlesAbove" type="Particles2D" parent="PlayerPath/PathFollow2D/Particles" index="1"]

position = Vector2( 0, -300 )
rotation = 1.5708
emitting = true
amount = 12
lifetime = 20.0
one_shot = false
preprocess = 20.0
speed_scale = 1.0
explosiveness = 0.0
randomness = 0.0
fixed_fps = 0
fract_delta = true
visibility_rect = Rect2( -100, -100, 200, 200 )
local_coords = false
draw_order = 0
process_material = SubResource( 17 )
texture = ExtResource( 13 )
normal_map = null
h_frames = 48
v_frames = 1
_sections_unfolded = [ "Drawing", "Process Material", "Time", "Transform" ]

[node name="ParticlesRight" type="Particles2D" parent="PlayerPath/PathFollow2D/Particles" index="2"]

position = Vector2( 524, 0 )
rotation = 3.14159
emitting = true
amount = 12
lifetime = 33.0
one_shot = false
preprocess = 20.0
speed_scale = 1.0
explosiveness = 0.0
randomness = 0.0
fixed_fps = 0
fract_delta = true
visibility_rect = Rect2( -100, -100, 200, 200 )
local_coords = false
draw_order = 0
process_material = SubResource( 17 )
texture = ExtResource( 13 )
normal_map = null
h_frames = 48
v_frames = 1
_sections_unfolded = [ "Drawing", "Process Material", "Time", "Transform" ]

[node name="ParticlesBelow" type="Particles2D" parent="PlayerPath/PathFollow2D/Particles" index="3"]

position = Vector2( 0, 300 )
rotation = -1.5708
emitting = true
amount = 12
lifetime = 20.0
one_shot = false
preprocess = 20.0
speed_scale = 1.0
explosiveness = 0.0
randomness = 0.0
fixed_fps = 0
fract_delta = true
visibility_rect = Rect2( -100, -100, 200, 200 )
local_coords = false
draw_order = 0
process_material = SubResource( 17 )
texture = ExtResource( 13 )
normal_map = null
h_frames = 48
v_frames = 1
_sections_unfolded = [ "Drawing", "Process Material", "Time", "Transform" ]

[node name="ParticlesLeft" type="Particles2D" parent="PlayerPath/PathFollow2D/Particles" index="4"]

position = Vector2( -524, 0 )
emitting = true
amount = 12
lifetime = 33.0
one_shot = false
preprocess = 20.0
speed_scale = 1.0
explosiveness = 0.0
randomness = 0.0
fixed_fps = 0
fract_delta = true
visibility_rect = Rect2( -100, -100, 200, 200 )
local_coords = false
draw_order = 0
process_material = SubResource( 17 )
texture = ExtResource( 13 )
normal_map = null
h_frames = 48
v_frames = 1
_sections_unfolded = [ "Drawing", "Process Material", "Textures", "Time", "Transform" ]

[node name="InputWatch" parent="." index="13" instance=ExtResource( 24 )]

one_shot = true
ignores_pause = false

[node name="PauseWatch" parent="." index="14" instance=ExtResource( 24 )]

action = "game_pause"
timeout = 0.5
ignores_pause = true

[node name="Tween" type="Tween" parent="." index="15"]

repeat = false
playback_process_mode = 1
playback_speed = 1.0
playback/active = false
playback/repeat = false
playback/speed = 1.0

[node name="BackwardTrigger" parent="." index="16" instance=ExtResource( 25 )]

editor/display_folded = true
position = Vector2( 1621.72, 37.0808 )
_sections_unfolded = [ "Transform" ]

[node name="CollisionShape2D" type="CollisionShape2D" parent="BackwardTrigger" index="0"]

position = Vector2( 39.4285, 579.597 )
shape = SubResource( 18 )

[node name="QuickEndTrigger" parent="." index="17" instance=ExtResource( 25 )]

position = Vector2( 8741.13, -45.3557 )
_sections_unfolded = [ "Transform" ]

[node name="CollisionShape2D" type="CollisionShape2D" parent="QuickEndTrigger" index="0"]

shape = SubResource( 18 )
_sections_unfolded = [ "Transform" ]

[node name="Button" type="Button" parent="." index="18"]

visible = false
anchor_left = 0.0
anchor_top = 0.0
anchor_right = 0.0
anchor_bottom = 0.0
margin_left = 92.0
margin_top = 163.0
margin_right = 209.0
margin_bottom = 197.0
rect_pivot_offset = Vector2( 0, 0 )
rect_clip_content = false
focus_mode = 2
mouse_filter = 0
mouse_default_cursor_shape = 0
size_flags_horizontal = 1
size_flags_vertical = 1
toggle_mode = false
enabled_focus_mode = 2
shortcut = null
group = null
text = "go to dialogue"
flat = false
align = 1

[connection signal="fire" from="PauseWatch" to="." method="_on_PauseWatch_fire"]

[connection signal="body_entered_once" from="QuickEndTrigger" to="." method="_on_QuickEndTrigger_body_entered_once"]

[connection signal="pressed" from="Button" to="." method="_on_Button_pressed"]


