[gd_scene load_steps=3 format=2]

[ext_resource path="res://scenes/gui/DebugMenu.gd" type="Script" id=1]
[ext_resource path="res://scenes/tool/InputWatch.tscn" type="PackedScene" id=2]

[node name="DebugMenu" type="CanvasLayer"]

layer = 1
offset = Vector2( 0, 0 )
rotation = 0.0
scale = Vector2( 1, 1 )
transform = Transform2D( 1, 0, 0, 1, 0, 0 )
script = ExtResource( 1 )

[node name="MenuOpen" parent="." index="0" instance=ExtResource( 2 )]

action = "game_debug"
ignores_pause = false

[node name="Mod" type="Control" parent="." index="1"]

visible = false
anchor_left = 0.0
anchor_top = 0.0
anchor_right = 1.0
anchor_bottom = 1.0
rect_pivot_offset = Vector2( 0, 0 )
rect_clip_content = false
mouse_filter = 1
mouse_default_cursor_shape = 0
size_flags_horizontal = 1
size_flags_vertical = 1
_sections_unfolded = [ "Mouse", "Transform" ]

[node name="MarginContainer" type="MarginContainer" parent="Mod" index="0"]

anchor_left = 1.0
anchor_top = 0.0
anchor_right = 1.0
anchor_bottom = 0.0
margin_left = -293.0
margin_bottom = 104.0
grow_horizontal = 0
rect_pivot_offset = Vector2( 0, 0 )
rect_clip_content = false
mouse_filter = 0
mouse_default_cursor_shape = 0
size_flags_horizontal = 1
size_flags_vertical = 1
custom_constants/margin_right = 0
custom_constants/margin_top = 0
custom_constants/margin_left = 0
custom_constants/margin_bottom = 0
_sections_unfolded = [ "Grow Direction", "Size Flags", "custom_constants" ]

[node name="ColorRect" type="ColorRect" parent="Mod/MarginContainer" index="0"]

anchor_left = 0.0
anchor_top = 0.0
anchor_right = 0.0
anchor_bottom = 0.0
margin_right = 293.0
margin_bottom = 104.0
rect_pivot_offset = Vector2( 0, 0 )
rect_clip_content = false
mouse_filter = 0
mouse_default_cursor_shape = 0
size_flags_horizontal = 3
size_flags_vertical = 3
color = Color( 0, 0, 0, 0.313726 )
_sections_unfolded = [ "Margin", "Size Flags" ]

[node name="MarginContainer" type="MarginContainer" parent="Mod/MarginContainer" index="1"]

anchor_left = 0.0
anchor_top = 0.0
anchor_right = 0.0
anchor_bottom = 0.0
margin_right = 293.0
margin_bottom = 104.0
rect_pivot_offset = Vector2( 0, 0 )
rect_clip_content = false
mouse_filter = 0
mouse_default_cursor_shape = 0
size_flags_horizontal = 1
size_flags_vertical = 1
custom_constants/margin_right = 16
custom_constants/margin_top = 16
custom_constants/margin_left = 16
custom_constants/margin_bottom = 16
_sections_unfolded = [ "custom_constants" ]

[node name="GridContainer" type="GridContainer" parent="Mod/MarginContainer/MarginContainer" index="0"]

editor/display_folded = true
anchor_left = 0.0
anchor_top = 0.0
anchor_right = 0.0
anchor_bottom = 0.0
margin_left = 16.0
margin_top = 16.0
margin_right = 277.0
margin_bottom = 88.0
grow_horizontal = 0
rect_pivot_offset = Vector2( 0, 0 )
rect_clip_content = false
mouse_filter = 1
mouse_default_cursor_shape = 0
size_flags_horizontal = 9
size_flags_vertical = 9
columns = 3
_sections_unfolded = [ "Grow Direction", "Size Flags" ]

[node name="Label" type="Label" parent="Mod/MarginContainer/MarginContainer/GridContainer" index="0"]

anchor_left = 0.0
anchor_top = 0.0
anchor_right = 0.0
anchor_bottom = 0.0
margin_top = 1.0
margin_right = 91.0
margin_bottom = 15.0
rect_pivot_offset = Vector2( 0, 0 )
rect_clip_content = false
mouse_filter = 2
mouse_default_cursor_shape = 0
size_flags_horizontal = 1
size_flags_vertical = 4
text = "World Speed"
align = 2
percent_visible = 1.0
lines_skipped = 0
max_lines_visible = -1

[node name="WSpeedSlide" type="HSlider" parent="Mod/MarginContainer/MarginContainer/GridContainer" index="1"]

anchor_left = 0.0
anchor_top = 0.0
anchor_right = 0.0
anchor_bottom = 0.0
margin_left = 95.0
margin_right = 175.0
margin_bottom = 16.0
rect_min_size = Vector2( 80, 0 )
rect_pivot_offset = Vector2( 0, 0 )
rect_clip_content = false
focus_mode = 2
mouse_filter = 0
mouse_default_cursor_shape = 0
size_flags_horizontal = 1
size_flags_vertical = 0
min_value = 0.0
max_value = 4.0
step = 0.25
page = 0.0
value = 1.0
exp_edit = false
rounded = false
editable = true
tick_count = 0
ticks_on_borders = false
focus_mode = 2
_sections_unfolded = [ "Rect" ]

[node name="WSpeedValue" type="Label" parent="Mod/MarginContainer/MarginContainer/GridContainer" index="2"]

anchor_left = 0.0
anchor_top = 0.0
anchor_right = 0.0
anchor_bottom = 0.0
margin_left = 179.0
margin_top = 1.0
margin_right = 253.0
margin_bottom = 15.0
rect_pivot_offset = Vector2( 0, 0 )
rect_clip_content = false
mouse_filter = 2
mouse_default_cursor_shape = 0
size_flags_horizontal = 1
size_flags_vertical = 4
text = "1"
percent_visible = 1.0
lines_skipped = 0
max_lines_visible = -1

[node name="Label2" type="Label" parent="Mod/MarginContainer/MarginContainer/GridContainer" index="3"]

anchor_left = 0.0
anchor_top = 0.0
anchor_right = 0.0
anchor_bottom = 0.0
margin_top = 25.0
margin_right = 91.0
margin_bottom = 39.0
rect_pivot_offset = Vector2( 0, 0 )
rect_clip_content = false
mouse_filter = 2
mouse_default_cursor_shape = 0
size_flags_horizontal = 1
size_flags_vertical = 4
text = "Camera Offset"
align = 2
percent_visible = 1.0
lines_skipped = 0
max_lines_visible = -1

[node name="CameraX" type="SpinBox" parent="Mod/MarginContainer/MarginContainer/GridContainer" index="4"]

anchor_left = 0.0
anchor_top = 0.0
anchor_right = 0.0
anchor_bottom = 0.0
margin_left = 95.0
margin_top = 20.0
margin_right = 175.0
margin_bottom = 44.0
rect_pivot_offset = Vector2( 0, 0 )
rect_clip_content = false
mouse_filter = 0
mouse_default_cursor_shape = 0
size_flags_horizontal = 1
size_flags_vertical = 1
min_value = -1000.0
max_value = 1000.0
step = 10.0
page = 0.0
value = 0.0
exp_edit = false
rounded = false
editable = true
prefix = ""
suffix = ""
_sections_unfolded = [ "Rect" ]

[node name="CameraY" type="SpinBox" parent="Mod/MarginContainer/MarginContainer/GridContainer" index="5"]

anchor_left = 0.0
anchor_top = 0.0
anchor_right = 0.0
anchor_bottom = 0.0
margin_left = 179.0
margin_top = 20.0
margin_right = 253.0
margin_bottom = 44.0
rect_pivot_offset = Vector2( 0, 0 )
rect_clip_content = false
mouse_filter = 0
mouse_default_cursor_shape = 0
size_flags_horizontal = 1
size_flags_vertical = 1
min_value = -1000.0
max_value = 1000.0
step = 10.0
page = 0.0
value = 0.0
exp_edit = false
rounded = false
editable = true
prefix = ""
suffix = ""

[node name="Label3" type="Label" parent="Mod/MarginContainer/MarginContainer/GridContainer" index="6"]

anchor_left = 0.0
anchor_top = 0.0
anchor_right = 0.0
anchor_bottom = 0.0
margin_top = 53.0
margin_right = 91.0
margin_bottom = 67.0
rect_pivot_offset = Vector2( 0, 0 )
rect_clip_content = false
mouse_filter = 2
mouse_default_cursor_shape = 0
size_flags_horizontal = 1
size_flags_vertical = 4
text = "Camera Zoom"
percent_visible = 1.0
lines_skipped = 0
max_lines_visible = -1

[node name="CameraZoom" type="SpinBox" parent="Mod/MarginContainer/MarginContainer/GridContainer" index="7"]

anchor_left = 0.0
anchor_top = 0.0
anchor_right = 0.0
anchor_bottom = 0.0
margin_left = 95.0
margin_top = 48.0
margin_right = 175.0
margin_bottom = 72.0
rect_pivot_offset = Vector2( 0, 0 )
rect_clip_content = false
mouse_filter = 0
mouse_default_cursor_shape = 0
size_flags_horizontal = 1
size_flags_vertical = 1
min_value = 0.25
max_value = 3.0
step = 0.05
page = 0.0
value = 1.0
exp_edit = false
rounded = false
editable = true
prefix = ""
suffix = ""

[node name="empty_000" type="Node" parent="Mod/MarginContainer/MarginContainer/GridContainer" index="8"]

[connection signal="fire" from="MenuOpen" to="." method="_on_MenuOpen_fire"]

[connection signal="value_changed" from="Mod/MarginContainer/MarginContainer/GridContainer/WSpeedSlide" to="." method="_on_WSpeedSlide_value_changed"]

[connection signal="value_changed" from="Mod/MarginContainer/MarginContainer/GridContainer/CameraX" to="." method="_on_CameraX_value_changed"]

[connection signal="value_changed" from="Mod/MarginContainer/MarginContainer/GridContainer/CameraY" to="." method="_on_CameraY_value_changed"]

[connection signal="value_changed" from="Mod/MarginContainer/MarginContainer/GridContainer/CameraZoom" to="." method="_on_CameraZoom_value_changed"]


